<?xml version="1.0" encoding="utf-8"?>
<record xmlns="http://www.loc.gov/MARC21/slim" xmlns:xsi="http://www.w3.org/2001/XMLSchema-instance" xsi:schemaLocation="http://www.loc.gov/MARC21/slim http://www.loc.gov/standards/marcxml/schema/MARC21slim.xsd">
	<leader>
		02731nam a2200361   4500
	</leader>
	<controlfield tag="001">
		6319561
	</controlfield>
	<controlfield tag="003">
		NIC
	</controlfield>
	<controlfield tag="006">
		m        d        
	</controlfield>
	<controlfield tag="007">
		cr cn |||m|||a
	</controlfield>
	<controlfield tag="008">
		160224m18351858enk     o2    000 0 ara d
	</controlfield>
	<datafield ind1=" " ind2=" " tag="040">
		<subfield code="a">
			NNU
		</subfield>
		<subfield code="b">
			eng
		</subfield>
		<subfield code="e">
			rda
		</subfield>
		<subfield code="c">
			NNU
		</subfield>
	</datafield>
	<datafield ind1="1" ind2=" " tag="100">
		<subfield code="a">
			Kâtip Çelebi,
		</subfield>
		<subfield code="d">
			1609-1657.
		</subfield>
	</datafield>
	<datafield ind1="1" ind2="0" tag="240">
		<subfield code="a">
			Kashf al-ẓunūn ʻan asāmī al-kutub wa-al-funūn.
		</subfield>
		<subfield code="l">
			Latin &amp; Arabic
		</subfield>
	</datafield>
	<datafield ind1="1" ind2="0" tag="245">
		<subfield code="6">
			880-01
		</subfield>
		<subfield code="a">
			Kashf al-ẓunūn ʻan asāmī al-kutub wa-al-funūn =
		</subfield>
		<subfield code="b">
			Lexicon bibliographicum et encyclopaedicum a Mustafa ben Abdallah Katib Jelebi dicto et nomine Haji Khalfa celebrato compositum /
		</subfield>
		<subfield code="c">
			ad codicum Vindobonensium, Parisiensium et Berolinensis fidem primum edidit, Latine vertit et commentario indicibusque instruxit Gustavus Fluegel.
		</subfield>
	</datafield>
	<datafield ind1="3" ind2="1" tag="246">
		<subfield code="a">
			Lexicon bibliographicum et encyclopaedicum a Mustafa ben Abdallah Katib Jelebi dicto et nomine Haji Khalfa celebrato compositum
		</subfield>
	</datafield>
	<datafield ind1=" " ind2=" " tag="260">
		<subfield code="a">
			London :
		</subfield>
		<subfield code="b">
			R. Bentley for the Oriental Translation Fund of Great Britain and Ireland,
		</subfield>
		<subfield code="c">
			1835-1858.
		</subfield>
	</datafield>
	<datafield ind1=" " ind2=" " tag="300">
		<subfield code="a">
			online resource (7 volumes in 8)
		</subfield>
	</datafield>
	<datafield ind1=" " ind2=" " tag="336">
		<subfield code="a">
			text
		</subfield>
		<subfield code="2">
			rdacontent
		</subfield>
	</datafield>
	<datafield ind1=" " ind2=" " tag="337">
		<subfield code="a">
			computer
		</subfield>
		<subfield code="2">
			rdamedia
		</subfield>
	</datafield>
	<datafield ind1=" " ind2=" " tag="338">
		<subfield code="a">
			online resource
		</subfield>
		<subfield code="2">
			rdacarrier
		</subfield>
	</datafield>
	<datafield ind1="1" ind2=" " tag="490">
		<subfield code="a">
			Publication ;
		</subfield>
		<subfield code="v">
			42
		</subfield>
	</datafield>
	<datafield ind1=" " ind2=" " tag="500">
		<subfield code="a">
			Part of the Arabic Collections Online (ACO) project, contributed by Cornell University Libraries.
		</subfield>
	</datafield>
	<datafield ind1=" " ind2=" " tag="533">
		<subfield code="a">
			Electronic reproduction.
		</subfield>
		<subfield code="b">
			New York, N.Y. :
		</subfield>
		<subfield code="c">
			New York University,
		</subfield>
		<subfield code="d">
			2016.
		</subfield>
		<subfield code="5">
			NNU
		</subfield>
	</datafield>
	<datafield ind1=" " ind2="0" tag="650">
		<subfield code="a">
			Arabic literature
		</subfield>
		<subfield code="v">
			Bibliography
		</subfield>
		<subfield code="v">
			Early works to 1800.
		</subfield>
	</datafield>
	<datafield ind1="1" ind2=" " tag="700">
		<subfield code="6">
			880-02
		</subfield>
		<subfield code="a">
			Flügel, Gustav,
		</subfield>
		<subfield code="d">
			1802-1870.
		</subfield>
	</datafield>
	<datafield ind1="2" ind2=" " tag="710">
		<subfield code="a">
			Cornell University.
		</subfield>
		<subfield code="b">
			Libraries.
		</subfield>
	</datafield>
	<datafield ind1="0" ind2=" " tag="730">
		<subfield code="a">
			Arabic Collections Online.
		</subfield>
	</datafield>
	<datafield ind1="0" ind2="8" tag="776">
		<subfield code="i">
			Print version:
		</subfield>
		<subfield code="a">
			Kâtip Çelebi, 1609-1657.
		</subfield>
		<subfield code="t">
			Kashf al-ẓunūn ʻan asāmī al-kutub wa-al-funūn =
		</subfield>
		<subfield code="w">
			(NIC)6319561
		</subfield>
		<subfield code="w">
			(OCoLC)228700409
		</subfield>
	</datafield>
	<datafield ind1="4" ind2="0" tag="856">
		<subfield code="u">
			http://hdl.handle.net/2333.1/stqjq5qj
		</subfield>
	</datafield>
	<datafield ind1="1" ind2="0" tag="880">
		<subfield code="6">
			245-01/r
		</subfield>
		<subfield code="a">
			كشف الظنون عن اسامي الكتب والفنون =
		</subfield>
		<subfield code="b">
			Lexicon bibliographicum et encyclopaedicum a Mustafa ben Abdallah Katib Jelebi dicto et nomine Haji Khalfa celebrato compositum /
		</subfield>
		<subfield code="c">
			ad codicum Vindobonensium, Parisiensium et Berolinensis fidem primum edidit, Latine vertit et commentario indicibusque instruxit Gustavus Fluegel..
		</subfield>
	</datafield>
	<datafield ind1="1" ind2=" " tag="880">
		<subfield code="6">
			700-02/r
		</subfield>
		<subfield code="a">
			فلوغل، غوستاف،
		</subfield>
		<subfield code="d">
			1802-1870.
		</subfield>
	</datafield>
	<datafield ind1=" " ind2=" " tag="959">
		<subfield code="a">
			NNU
		</subfield>
		<subfield code="b">
			WEB
		</subfield>
		<subfield code="c">
			GENI
		</subfield>
		<subfield code="t">
			0
		</subfield>
		<subfield code="m">
			Electronic access
		</subfield>
		<subfield code="s">
			01
		</subfield>
	</datafield>
	<datafield ind1=" " ind2=" " tag="999">
		<subfield code="i">
			NIC_6319561
		</subfield>
		<subfield code="o">
			(OCoLC)ocn228700409
		</subfield>
		<subfield code="s">
			cornell_aco000574:v.5
		</subfield>
		<subfield code="s">
			cornell_aco000583:v.6
		</subfield>
		<subfield code="s">
			cornell_aco000584:v.7:pt.1
		</subfield>
		<subfield code="s">
			cornell_aco000585:v.7:pt.2
		</subfield>
		<subfield code="s">
			cornell_aco000586:v.1
		</subfield>
		<subfield code="s">
			cornell_aco000587:v.2
		</subfield>
		<subfield code="s">
			cornell_aco000588:v.3
		</subfield>
		<subfield code="s">
			cornell_aco000589:v.4
		</subfield>
		<subfield code="e">
			(ERROR-880)
		</subfield>
		<subfield code="s">
			cornell_aco000574:v.5
		</subfield>
		<subfield code="s">
			cornell_aco000583:v.6
		</subfield>
		<subfield code="s">
			cornell_aco000584:v.7:pt.1
		</subfield>
		<subfield code="s">
			cornell_aco000585:v.7:pt.2
		</subfield>
		<subfield code="s">
			cornell_aco000586:v.1
		</subfield>
		<subfield code="s">
			cornell_aco000587:v.2
		</subfield>
		<subfield code="s">
			cornell_aco000588:v.3
		</subfield>
		<subfield code="s">
			cornell_aco000589:v.4
		</subfield>
	</datafield>
</record>
